<record xmlns="http://www.loc.gov/MARC21/slim" xmlns:xsi="http://www.w3.org/2001/XMLSchema-instance" xsi:schemaLocation="http://www.loc.gov/MARC21/slim http://www.loc.gov/standards/marcxml/schema/MARC21slim.xsd">

  <leader>01235nab a2200169   4500</leader>
  <controlfield tag="005">20160317160528.0</controlfield>
  <controlfield tag="008">150618b2000    cr f|||| |||| 00| 0 spa d</controlfield>
  <datafield ind1=" " tag="090" ind2=" ">
    <subfield code="a">REVIS 06.02.01</subfield>
  </datafield>
  <datafield ind1="1" ind2=" " tag="100">
    <subfield code="9">253</subfield>
    <subfield code="a">Salas Madriz, Flora Eugenia</subfield>
  </datafield>
  <datafield tag="245" ind2="0" ind1="1">
    <subfield code="a">Ética y administración educativa: retos y desafíos en la coyuntura actual /</subfield>
    <subfield code="c">Flora Eugenia Salas Madrid</subfield>
  </datafield>
  <datafield ind2=" " tag="260" ind1=" ">
    <subfield code="a">San José, Costa Rica :</subfield>
    <subfield code="b">Editorial Universidad de Costa Rica,</subfield>
    <subfield code="c">2000</subfield>
  </datafield>
  <datafield ind1=" " tag="300" ind2=" ">
    <subfield code="a">páginas 189-200</subfield>
  </datafield>
  <datafield ind1=" " ind2=" " tag="520">
    <subfield code="a">En este artículo se analizan los distintos cambios económicos, sociales y científico-técnicos que han determinado la evolución y desarrollo epistemológico, teórico y práctico de la Administración, la Educación y la Administración Educativa, a lo largo del siglo XX, así como su impacto social. Se analiza, además, la dimensión ética de la práctica de la administración educativa, desde la perspectiva de Jurgen Habermas y Daniel Bell, a fin de encontrar alternativas viables pra el siglo XXI, de frente a la coyuntura actual</subfield>
  </datafield>
  <datafield ind1="1" tag="650" ind2="4">
    <subfield code="9">1</subfield>
    <subfield code="a">EDUCACIÓN</subfield>
  </datafield>
  <datafield ind1="0" ind2=" " tag="773">
    <subfield code="d">San José, Costa Rica : Editorial de la Universidad de Costa Rica, 1997-</subfield>
    <subfield code="o">R0026</subfield>
    <subfield code="t">EDUCACIÓN: Revista de la Universidad de Costa Rica</subfield>
    <subfield code="g">Vol.24, no.2 (2000)</subfield>
  </datafield>
  <datafield tag="942" ind2=" " ind1=" ">
    <subfield code="2">z</subfield>
    <subfield code="c">10</subfield>
  </datafield>
  <datafield tag="999" ind2=" " ind1=" ">
    <subfield code="c">2692</subfield>
    <subfield code="d">2692</subfield>
  </datafield>
</record>